<record xmlns="http://www.loc.gov/MARC21/slim" xmlns:xsi="http://www.w3.org/2001/XMLSchema-instance" xsi:schemaLocation="http://www.loc.gov/MARC21/slim http://www.loc.gov/standards/marcxml/schema/MARC21slim.xsd"><leader>01098cz   2200217n  4500</leader><controlfield tag="001">oca02753456 </controlfield><controlfield tag="005">19900713063347.6</controlfield><controlfield tag="008">900601n| acannaab|          |a aaa |||  </controlfield><datafield ind1=" " ind2=" " tag="010"><subfield code="a">n  89147385 </subfield></datafield><datafield ind1=" " ind2=" " tag="040"><subfield code="a">DLC</subfield><subfield code="c">DLC</subfield></datafield><datafield ind1="1" ind2=" " tag="100"><subfield code="a">Cephalas, Constantinus,</subfield><subfield code="d">9th/10th cent.</subfield></datafield><datafield ind1="1" ind2=" " tag="400"><subfield code="a">Kephalas, Konstantinos,</subfield><subfield code="d">9th/10th cent.</subfield></datafield><datafield ind1="1" ind2=" " tag="400"><subfield code="a">Cephalas, Constantine,</subfield><subfield code="d">9th/10th cent.</subfield></datafield><datafield ind1="1" ind2=" " tag="400"><subfield code="a">Cephala, Constantinus,</subfield><subfield code="d">9th/10th cent.</subfield></datafield><datafield ind1=" " ind2=" " tag="670"><subfield code="a">Greek anthology. Anthologiae Graecae a Constantino Cephala conditae libri tres, 1754.</subfield></datafield><datafield ind1=" " ind2=" " tag="670"><subfield code="a">BLC</subfield><subfield code="b">(hdg.: Kephalas, Konstantinos; variant: CeÌ&#x81;phalas, Constantine)</subfield></datafield><datafield ind1=" " ind2=" " tag="670"><subfield code="a">BN</subfield><subfield code="b">(Cephala, Constantinus)</subfield></datafield><datafield ind1=" " ind2=" " tag="670"><subfield code="a">Enc. Amer., 1975:</subfield><subfield code="b">under Greek anthol. (Constantine Cephalas, fl. 900 A.D.)</subfield></datafield><datafield ind1=" " ind2=" " tag="670"><subfield code="a">Enc. Brit., 1982:</subfield><subfield code="b">under Greek anthol. (Constantinus Cephalas, fl. late 9th cent.)</subfield></datafield><datafield ind1=" " ind2=" " tag="670"><subfield code="a">Oxf. clas. dict.</subfield><subfield code="b">(Cephalas, Constantinus; compiler of Grk. epigrams in what was to be later known as Greek anthology; held official post in palace at Constantinople in 917 A.D.)</subfield></datafield><datafield ind1=" " ind2=" " tag="670"><subfield code="a">NUC pre-56:</subfield><subfield code="b">under NA 0342491 (Cephalas, Constantinus)</subfield></datafield></record>